@book{bib:texprogram,
  key       = "texprogram",
  author    = "Donald E. Knuth",
  title     = "{Computers \& Typesetting B: TeX: The Program}",
  year      = 1986,
  publisher = "Addison Wesley"
}

@book{bib:pyparsing
  key       = "pyparsing",
  author    = "Paul McGuire",
  title     = "Getting Started with Pyparsing",
  year      = 2007,
  publisher = "O'Reilly Media",
  url       = "http://shop.oreilly.com/product/9780596514235.do"
}

@online{bib:agg
  key       = "agg",
  author    = "Maxim Shemanarev",
  title     = "Anti-Grain Geometry: A High Quality Rendering Engine for C++",
  year      = "2002-2006",
  url       = "http://www.antigrain.com"
}