@string{acm="ACM Press"}

@inproceedings{gill:short-cut,
   topic = "compiler technology",
   author = {A Gill and J Launchbury and SL {Peyton~Jones}},
   title = {A short cut to deforestation},
  booktitle = "{ACM Conference on Functional Programming and Computer Architecture (FPCA'93)}",
  publisher = acm,
  year = 1993,
  address = "Cophenhagen",
   pages = {223-232},
   keywords = {foldr build}
}

@inproceedings{pj-et-al:playing-by-the-rules,
  author       = {Simon L. {Peyton Jones} and Andrew Tolmach and Tony Hoare},
  title        = {Playing by the rules: rewriting as a practical optimisation technique in {GHC}},
  booktitle    = {2001 Haskell Workshop},
  year         = 2001,
  editor       = {Ralf Hinze},
  optaddress   = {Firenze, Italy},
  month        = {September},
  organization = {ACM SIGPLAN},
}

@inproceedings{sulzmann-et-al:fc,
  author = "Martin Sulzmann and Manuel Chakravarty and Simon {Peyton Jones} and Kevin Donnelly",
  title = "System {F} with type equality coercions",
  booktitle="{ACM SIGPLAN International Workshop on Types in Language Design and Implementation (TLDI'07)}",
  year = 2007,
  publisher = "ACM"
}

@article{inlining,
 author = {Peyton Jones, Simon and Marlow, Simon},
 title = {Secrets of the Glasgow Haskell Compiler inliner},
 journal = {J. Funct. Program.},
 volume = 12,
 issue = 5,
 month = {July},
 year = 2002,
 issn = {0956-7968},
 pages = {393--434},
 numpages = 42,
 publisher = {Cambridge University Press},
}


@inproceedings{parallel-gc,
 author = {Marlow, Simon and Harris, Tim and James, Roshan P. and Peyton Jones, Simon},
 title = {Parallel generational-copying garbage collection with a block-structured heap},
 booktitle = {Proceedings of the 7th international symposium on Memory management},
 series = {ISMM '08},
 year = {2008},
 location = {Tucson, AZ, USA},
 pages = {11--20},
 numpages = {10},
 publisher = {ACM},
 keywords = {parallel garbage collection},
}

@InProceedings{concffi04,
   author = {Simon Marlow and Simon {Peyton Jones} and Wolfgang Thaller},
   title = {Extending the Haskell Foreign Function Interface with Concurrency},
   booktitle = {Proceedings of the ACM SIGPLAN workshop on Haskell},
   year = {2004},
   month = {September},
   address = {Snowbird, Utah, USA},
   pages = {57--68}
}

@Misc{haskell2010,
  author =    {Simon {Marlow (ed.)}},
  title =     {The {H}askell 2010 Report},
  year =      2010,
  note =      {\url{http://www.haskell.org/haskellwiki/Language_and_library_specification#The_Haskell_2010_report}}}


@inproceedings{haskellhistory,
 author = {Hudak, Paul and Hughes, John and Peyton Jones, Simon and Wadler, Philip},
 title = {A history of Haskell: being lazy with class},
 booktitle = {Proceedings of the third ACM SIGPLAN conference on History of programming languages},
 series = {HOPL III},
 year = {2007},
 location = {San Diego, California},
 pages = {12-1--12-55},
 acmid = {1238856},
 publisher = {ACM},
 address = {New York, NY, USA},
}

@inproceedings{gadts,
 author = {Peyton Jones, Simon and Vytiniotis, Dimitrios and Weirich, Stephanie and Washburn, Geoffrey},
 title = {Simple unification-based type inference for GADTs},
 booktitle = {Proceedings of the eleventh ACM SIGPLAN international conference on Functional programming},
 series = {ICFP '06},
 year = {2006},
 location = {Portland, Oregon, USA},
 pages = {50--61},
 numpages = {12},
 publisher = {ACM},
 address = {New York, NY, USA},
 keywords = {generalized algebraic data types, type inference},
} 

@inproceedings{type-families,
 author = {Chakravarty, Manuel M. T. and Keller, Gabriele and Jones, Simon Peyton},
 title = {Associated type synonyms},
 booktitle = {Proceedings of the tenth ACM SIGPLAN international conference on Functional programming},
 series = {ICFP '05},
 year = {2005},
 location = {Tallinn, Estonia},
 pages = {241--253},
 numpages = {13},
 acmid = {1086397},
 publisher = {ACM},
 address = {New York, NY, USA},
 keywords = {associated types, generic programming, type classes, type functions, type inference},
}
